%**********************************************%
%			BASE DE REFERÊNCIAS			%                      
%**********************************************%
@article{pernalonga,
  title={O perna longa do mal},
  author={Longa, Perna},
  year={2020}
  URL = {https://pt.wikipedia.org/wiki/Bugs_Bunny},
  volume = {38},
  year = {2018},
  month = {08},
  pages = {20054},
  publisher = {sol},
}

@misc{chelsea_kirill_2020,
title={CTAN: Package Excel2LaTeX},
url={https://www.ctan.org/pkg/excel2latex},
journal={Ctan.org},
 author={Chelsea, Hughes and Kirill, Müller},
 year={2020}
 }
 
 @article{citacao1,
   title = {COMO UTILIZAR O FACEBOOK PARA VENDER PIA DE BANHEIRO}
   journal = {Um jornal nada aleatorio},
   author={Facebook, BOT},
   ISSN = {00000000000-1},
   language = {en},
   URL = {urlqualquer},
   volume = {38},
   year = {2018},
   month = {08},
   pages = {526 - 535},
   publisher = {sol},
   }
   
 @book{amarante2007saude,
  title={Saude mental e atencao psicossocial},
  author={Amarante, Paulo},
  year={2007},
  publisher={SciELO-Editora FIOCRUZ}
}

